
@article{cba2016likelihood,
	title={Implementação e Avaliação de um algoritmo de estimação de densidades baseado no MKDE aplicado à classificação de elétrons no detector ATLAS},
	author={Costa, Igor A and Souza, David M and Nóbrega, Rafael A and Seixas, José M},
	journal={XXI Congresso Brasileiro de Automática},
	pages={2902--2907},
	year={2016}
}

 @book{scott2015multivariate, 
 	title={Multivariate density estimation: theory, practice, and visualization}, 
 	author={Scott, David W}, 
 	year={2015}, 
 	publisher={John Wiley \& Sons}
 }
@article{terrell1992variable,
	title={Variable kernel density estimation},
	author={Terrell, George R and Scott, David W},
	journal={The Annals of Statistics},
	pages={1236--1265},
	year={1992},
	publisher={JSTOR}
}
@book{silverman1986density,
	title={Density estimation for statistics and data analysis},
	author={Silverman, Bernard W},
	volume={26},
	year={1986},
	publisher={CRC press}
}

@article{cha2007comprehensive,
	title={Comprehensive survey on distance/similarity measures between probability density functions},
	author={Cha, Sung-Hyuk},
	journal={City},
	volume={1},
	number={2},
	pages={1},
	year={2007}
}

@book{deza2006dictionary,
	title={Dictionary of distances},
	author={Deza, Michel-Marie and Deza, Elena},
	year={2006},
	publisher={Elsevier}
}

@incollection{deza2009encyclopedia,
	title={Encyclopedia of distances},
	author={Deza, Michel Marie and Deza, Elena},
	booktitle={Encyclopedia of Distances},
	pages={1--583},
	year={2009},
	publisher={Springer}
}

@article{kullback1951information,
	title={On information and sufficiency},
	author={Kullback, Solomon and Leibler, Richard A},
	journal={The annals of mathematical statistics},
	volume={22},
	number={1},
	pages={79--86},
	year={1951},
	publisher={JSTOR}
}

@book{kullback1997information,
	title={Information theory and statistics},
	author={Kullback, Solomon},
	year={1997},
	publisher={Courier Corporation}
}

@article{burbea1982entropy,
	title={Entropy differential metric, distance and divergence measures in probability spaces: A unified approach},
	author={Burbea, Jacob and Rao, C Radhakrishna},
	journal={Journal of Multivariate Analysis},
	volume={12},
	number={4},
	pages={575--596},
	year={1982},
	publisher={Elsevier}
}

@techreport{burbea1980convexity,
	title={On the Convexity of Some Divergence Measures Based on Entropy Functions.},
	author={Burbea, Jacob and Rao, C Radhakrishna},
	year={1980},
	institution={DTIC Document}
}

@article{lin1991divergence,
	title={Divergence measures based on the Shannon entropy},
	author={Lin, Jianhua},
	journal={IEEE Transactions on Information theory},
	volume={37},
	number={1},
	pages={145--151},
	year={1991},
	publisher={IEEE}
}

@article{kailath1967divergence,
	title={The divergence and Bhattacharyya distance measures in signal selection},
	author={Kailath, Thomas},
	journal={IEEE transactions on communication technology},
	volume={15},
	number={1},
	pages={52--60},
	year={1967},
	publisher={IEEE}
}

@article{basseville2013divergence,
	title={Divergence measures for statistical data processing—An annotated bibliography},
	author={Basseville, Mich{\`e}le},
	journal={Signal Processing},
	volume={93},
	number={4},
	pages={621--633},
	year={2013},
	publisher={Elsevier}
}

@article{seather1992performance,
	title={The performance of six popular bandwidth selection methods on some real data sets},
	author={Seather, SJ},
	journal={COMPUTATIONAL STATISTICS QUARTERLY},
	volume={7},
	pages={225--225},
	year={1992}
}

@article{freedman1981histogram,
	title={On the histogram as a density estimator: L 2 theory},
	author={Freedman, David and Diaconis, Persi},
	journal={Zeitschrift f{\"u}r Wahrscheinlichkeitstheorie und verwandte Gebiete},
	volume={57},
	number={4},
	pages={453--476},
	year={1981},
	publisher={Springer}
}